@misc{statista,
  author = {Statista},
  title = {Number of monthly active Facebook users worldwide as of 2nd quarter 2016 (in millions)},
  howpublished = "\url{https://www.statista.com/statistics/264810/number-of-monthly-active-facebook-users-worldwide/",
  year = {2016}, 
  note = "[Online; accessed 10-October-2016]"
}
@article{kambiz2013,
  title={YourPrivacyProtector: A Recommender System For Privacy Settings In Social Networks},
  author={Ghazinour, Kambiz; Matwin, Stan; Sokolova, Marina},
  year={2013}
}
@article{naini2015,
  title={Analyzing and Predicting Privacy Settings in the Social Web},
  author={Naini, Kaweh Djafari; Altingovde, Ismail Sengor; Kawase, Ricardo; Herder, Eelco; Nieder√©e, Claudia},
  year={2015}
}
